@misc{PewResearchCenter2020,
author = {{Pew Research Center}},
booktitle = {Pew Research Center},
title = {{Election 2020: Voters Are Highly Engaged, but Nearly Half Expect To Have Difficulties Voting}},
url = {https://www.pewresearch.org/politics/2020/08/13/important-issues-in-the-2020-election/},
urldate = {2020-10-29},
year = {2020}
}

@Online{USDAERSDownloadData-2020-10-30,
  title = {USDA ERS - Download Data},
  date = {2020-10-30},
  file = {:./references/data-products-county-level-data-sets-download-data-.html:html},
  url = {https://www.ers.usda.gov/data-products/county-level-data-sets/download-data/},
  urldate = {2020-10-30}
}

@data{DVN/42MVDX_2017,
author = {MIT Election Data and Science Lab},
publisher = {Harvard Dataverse},
title = {{U.S. President 1976â€“2016}},
UNF = {UNF:6:Mw0hOUHAijKPTVRAe5jJvg==},
year = {2017},
version = {V5},
doi = {10.7910/DVN/42MVDX},
url = {https://doi.org/10.7910/DVN/42MVDX}
}